@article{wang2004image,
  title={Image quality assessment: from error visibility to structural similarity},
  author={Wang, Zhou and Bovik, Alan C and Sheikh, Hamid R and Simoncelli, Eero P},
  journal={IEEE transactions on image processing},
  volume={13},
  number={4},
  pages={600--612},
  year={2004},
  publisher={IEEE}
}

@inproceedings{wang2003multiscale,
  title={Multiscale structural similarity for image quality assessment},
  author={Wang, Zhou and Simoncelli, Eero P and Bovik, Alan C},
  booktitle={The Thrity-Seventh Asilomar Conference on Signals, Systems \& Computers, 2003},
  volume={2},
  pages={1398--1402},
  year={2003},
  organization={Ieee}
}

@inproceedings{zhang2018unreasonable,
  title={The unreasonable effectiveness of deep features as a perceptual metric},
  author={Zhang, Richard and Isola, Phillip and Efros, Alexei A and Shechtman, Eli and Wang, Oliver},
  booktitle={Proceedings of the IEEE conference on computer vision and pattern recognition},
  pages={586--595},
  year={2018}
}

@inproceedings{patel2021saliency,
  title={Saliency driven perceptual image compression},
  author={Patel, Yash and Appalaraju, Srikar and Manmatha, R},
  booktitle={Proceedings of the IEEE/CVF Winter Conference on Applications of Computer Vision},
  pages={227--236},
  year={2021}
}

@article{kettunen2019lpips,
  title={E-LPIPS: robust perceptual image similarity via random transformation ensembles},
  author={Kettunen, Markus and H{\"a}rk{\"o}nen, Erik and Lehtinen, Jaakko},
  journal={arXiv preprint arXiv:1906.03973},
  year={2019}
}

@article{ding2020image,
  title={Image quality assessment: Unifying structure and texture similarity},
  author={Ding, Keyan and Ma, Kede and Wang, Shiqi and Simoncelli, Eero P},
  journal={arXiv preprint arXiv:2004.07728},
  year={2020}
}

@inproceedings{rastegari2016xnor,
  title={Xnor-net: Imagenet classification using binary convolutional neural networks},
  author={Rastegari, Mohammad and Ordonez, Vicente and Redmon, Joseph and Farhadi, Ali},
  booktitle={European conference on computer vision},
  pages={525--542},
  year={2016},
  organization={Springer}
}

@article{kirillova2021erqa,
  title={ERQA: Edge-Restoration Quality Assessment for Video Super-Resolution},
  author={Kirillova, Anastasia and Lyapustin, Eugene and Antsiferova, Anastasia and Vatolin, Dmitry},
  journal={arXiv preprint arXiv:2110.09992},
  year={2021}
}

@article{lyapustin2022towards,
  title={Towards True Detail Restoration for Super-Resolution: A Benchmark and a Quality Metric},
  author={Lyapustin, Eugene and Kirillova, Anastasia and Meshchaninov, Viacheslav and Zimin, Evgeney and Karetin, Nikolai and Vatolin, Dmitriy},
  journal={arXiv preprint arXiv:2203.08923},
  year={2022}
}

@inproceedings{zhou2021image,
  title={Image super-resolution quality assessment: Structural fidelity versus statistical naturalness},
  author={Zhou, Wei and Wang, Zhou and Chen, Zhibo},
  booktitle={2021 13th International Conference on Quality of Multimedia Experience (QoMEX)},
  pages={61--64},
  year={2021},
  organization={IEEE}
}

@article{heusel2017gans,
  title={Gans trained by a two time-scale update rule converge to a local nash equilibrium},
  author={Heusel, Martin and Ramsauer, Hubert and Unterthiner, Thomas and Nessler, Bernhard and Hochreiter, Sepp},
  journal={Advances in neural information processing systems},
  volume={30},
  year={2017}
}

